@article{jones1924on,
  doi          = {10.1098/rspa.1924.0082},
  url          = {https://doi.org/10.1098%2Frspa.1924.0082},
  year         = 1924,
  month        = oct,
  publisher    = {The Royal Society},
  volume       = 106,
  number       = 738,
  pages        = {463--477},
  title        = {On the determination of molecular fields.
    {\textemdash}{II}. From the equation of state of a gas},
  journal      = {Proceedings of the Royal Society of London. Series
    A, Containing Papers of a Mathematical and Physical Character},
  author       = {J E Lennard Jones},
}