@article{LLM,
  author       = {Yupeng Chang and
                  Xu Wang and
                  Jindong Wang and
                  Yuan Wu and
                  Linyi Yang and
                  Kaijie Zhu and
                  Hao Chen and
                  Xiaoyuan Yi and
                  Cunxiang Wang and
                  Yidong Wang and
                  Wei Ye and
                  Yue Zhang and
                  Yi Chang and
                  Philip S. Yu and
                  Qiang Yang and
                  Xing Xie},
  title        = {{A Survey on Evaluation of Large Language Models}},
  journal      = {{ACM} Trans. Intell. Syst. Technol.},
  volume       = {15},
  number       = {3},
  pages        = {39:1--39:45},
  year         = {2024},
  url          = {https://doi.org/10.1145/3641289},
  doi          = {10.1145/3641289},
  timestamp    = {Thu, 04 Jul 2024 22:03:49 +0200},
  biburl       = {https://dblp.org/rec/journals/tist/ChangWWWYZCYWWYZCYYX24.bib},
  bibsource    = {dblp computer science bibliography, https://dblp.org}
}

@article{GPT3,
  author       = {Robert Dale},
  title        = {{GPT-3: What's it good for?}},
  journal      = {Nat. Lang. Eng.},
  volume       = {27},
  number       = {1},
  pages        = {113--118},
  year         = {2021},
  url          = {https://doi.org/10.1017/S1351324920000601},
  doi          = {10.1017/S1351324920000601},
  timestamp    = {Wed, 27 Jan 2021 14:22:36 +0100},
  biburl       = {https://dblp.org/rec/journals/nle/Dale21.bib},
  bibsource    = {dblp computer science bibliography, https://dblp.org}
}

@inproceedings{GPT-175B资源消耗,
  author       = {Reza Yazdani Aminabadi and
                  Samyam Rajbhandari and
                  Ammar Ahmad Awan and
                  Cheng Li and
                  Du Li and
                  Elton Zheng and
                  Olatunji Ruwase and
                  Shaden Smith and
                  Minjia Zhang and
                  Jeff Rasley and
                  Yuxiong He},
  editor       = {Felix Wolf and
                  Sameer Shende and
                  Candace Culhane and
                  Sadaf R. Alam and
                  Heike Jagode},
  title        = {{DeepSpeed- Inference: Enabling Efficient Inference of Transformer
                  Models at Unprecedented Scale}},
  booktitle    = {{SC22:} International Conference for High Performance Computing, Networking,
                  Storage and Analysis, Dallas, TX, USA, November 13-18, 2022},
  pages        = {46:1--46:15},
  publisher    = {{IEEE}},
  year         = {2022},
  url          = {https://doi.org/10.1109/SC41404.2022.00051},
  doi          = {10.1109/SC41404.2022.00051},
  timestamp    = {Wed, 24 May 2023 16:17:06 +0200},
  biburl       = {https://dblp.org/rec/conf/sc/AminabadiRALLZRSZRH22.bib},
  bibsource    = {dblp computer science bibliography, https://dblp.org}
}

@inproceedings{Swapping,
  author       = {Ying Sheng and
                  Lianmin Zheng and
                  Binhang Yuan and
                  Zhuohan Li and
                  Max Ryabinin and
                  Beidi Chen and
                  Percy Liang and
                  Christopher R{\'{e}} and
                  Ion Stoica and
                  Ce Zhang},
  editor       = {Andreas Krause and
                  Emma Brunskill and
                  Kyunghyun Cho and
                  Barbara Engelhardt and
                  Sivan Sabato and
                  Jonathan Scarlett},
  title        = {{FlexGen: High-Throughput Generative Inference of Large Language Models
                  with a Single GPU}},
  booktitle    = {International Conference on Machine Learning, {ICML} 2023, 23-29 July
                  2023, Honolulu, Hawaii, {USA}},
  series       = {Proceedings of Machine Learning Research},
  volume       = {202},
  pages        = {31094--31116},
  publisher    = {{PMLR}},
  year         = {2023},
  url          = {https://proceedings.mlr.press/v202/sheng23a.html},
  timestamp    = {Tue, 20 Feb 2024 13:40:11 +0100},
  biburl       = {https://dblp.org/rec/conf/icml/0007ZYLRCLRSZ23.bib},
  bibsource    = {dblp computer science bibliography, https://dblp.org}
}

@inproceedings{Recomputation,
  author       = {Jianjin Liao and
                  Mingzhen Li and
                  Hailong Yang and
                  Qingxiao Sun and
                  Biao Sun and
                  Jiwei Hao and
                  Tianyu Feng and
                  Fengwei Yu and
                  Shengdong Chen and
                  Ye Tao and
                  Zicheng Zhang and
                  Zhongzhi Luan and
                  Depei Qian},
  title        = {{Exploiting Input Tensor Dynamics in Activation Checkpointing for Efficient
                  Training on GPU}},
  booktitle    = {{IEEE} International Parallel and Distributed Processing Symposium,
                  {IPDPS} 2023, St. Petersburg, FL, USA, May 15-19, 2023},
  pages        = {156--166},
  publisher    = {{IEEE}},
  year         = {2023},
  url          = {https://doi.org/10.1109/IPDPS54959.2023.00025},
  doi          = {10.1109/IPDPS54959.2023.00025},
  timestamp    = {Tue, 25 Jul 2023 16:27:14 +0200},
  biburl       = {https://dblp.org/rec/conf/ipps/LiaoLYSSHFYCTZLQ23.bib},
  bibsource    = {dblp computer science bibliography, https://dblp.org}
}

@inproceedings{vLLM,
  author       = {Woosuk Kwon and
                  Zhuohan Li and
                  Siyuan Zhuang and
                  Ying Sheng and
                  Lianmin Zheng and
                  Cody Hao Yu and
                  Joseph Gonzalez and
                  Hao Zhang and
                  Ion Stoica},
  editor       = {Jason Flinn and
                  Margo I. Seltzer and
                  Peter Druschel and
                  Antoine Kaufmann and
                  Jonathan Mace},
  title        = {{Efficient Memory Management for Large Language Model Serving with
                  PagedAttention}},
  booktitle    = {Proceedings of the 29th Symposium on Operating Systems Principles,
                  {SOSP} 2023, Koblenz, Germany, October 23-26, 2023},
  pages        = {611--626},
  publisher    = {{ACM}},
  year         = {2023},
  url          = {https://doi.org/10.1145/3600006.3613165},
  doi          = {10.1145/3600006.3613165},
  timestamp    = {Thu, 04 Jul 2024 21:53:01 +0200},
  biburl       = {https://dblp.org/rec/conf/sosp/KwonLZ0ZY0ZS23.bib},
  bibsource    = {dblp computer science bibliography, https://dblp.org}
}

@inproceedings{ORCA,
  author       = {Gyeong{-}In Yu and
                  Joo Seong Jeong and
                  Geon{-}Woo Kim and
                  Soojeong Kim and
                  Byung{-}Gon Chun},
  editor       = {Marcos K. Aguilera and
                  Hakim Weatherspoon},
  title        = {{Orca: A Distributed Serving System for Transformer-Based Generative
                  Models}},
  booktitle    = {16th {USENIX} Symposium on Operating Systems Design and Implementation,
                  {OSDI} 2022, Carlsbad, CA, USA, July 11-13, 2022},
  pages        = {521--538},
  publisher    = {{USENIX} Association},
  year         = {2022},
  url          = {https://www.usenix.org/conference/osdi22/presentation/yu},
  timestamp    = {Tue, 11 Oct 2022 16:51:12 +0200},
  biburl       = {https://dblp.org/rec/conf/osdi/YuJKKC22.bib},
  bibsource    = {dblp computer science bibliography, https://dblp.org}
}

@article{SpecInfer,
  author       = {Xupeng Miao and
                  Gabriele Oliaro and
                  Zhihao Zhang and
                  Xinhao Cheng and
                  Zeyu Wang and
                  Rae Ying Yee Wong and
                  Zhuoming Chen and
                  Daiyaan Arfeen and
                  Reyna Abhyankar and
                  Zhihao Jia},
  title        = {{SpecInfer: Accelerating Generative LLM Serving with Speculative
                  Inference and Token Tree Verification}},
  journal      = {CoRR},
  volume       = {abs/2305.09781},
  year         = {2023},
  url          = {https://doi.org/10.48550/arXiv.2305.09781},
  doi          = {10.48550/ARXIV.2305.09781},
  eprinttype    = {arXiv},
  eprint       = {2305.09781},
  timestamp    = {Tue, 07 May 2024 20:16:22 +0200},
  biburl       = {https://dblp.org/rec/journals/corr/abs-2305-09781.bib},
  bibsource    = {dblp computer science bibliography, https://dblp.org}
}

@article{OPT,
  author       = {Susan Zhang and
                  Stephen Roller and
                  Naman Goyal and
                  Mikel Artetxe and
                  Moya Chen and
                  Shuohui Chen and
                  Christopher Dewan and
                  Mona T. Diab and
                  Xian Li and
                  Xi Victoria Lin and
                  Todor Mihaylov and
                  Myle Ott and
                  Sam Shleifer and
                  Kurt Shuster and
                  Daniel Simig and
                  Punit Singh Koura and
                  Anjali Sridhar and
                  Tianlu Wang and
                  Luke Zettlemoyer},
  title        = {{OPT: Open Pre-trained Transformer Language Models}},
  journal      = {CoRR},
  volume       = {abs/2205.01068},
  year         = {2022},
  url          = {https://doi.org/10.48550/arXiv.2205.01068},
  doi          = {10.48550/ARXIV.2205.01068},
  eprinttype    = {arXiv},
  eprint       = {2205.01068},
  timestamp    = {Thu, 22 Sep 2022 19:27:06 +0200},
  biburl       = {https://dblp.org/rec/journals/corr/abs-2205-01068.bib},
  bibsource    = {dblp computer science bibliography, https://dblp.org}
}

@article{Llama,
  author       = {Hugo Touvron and
                  Thibaut Lavril and
                  Gautier Izacard and
                  Xavier Martinet and
                  Marie{-}Anne Lachaux and
                  Timoth{\'{e}}e Lacroix and
                  Baptiste Rozi{\`{e}}re and
                  Naman Goyal and
                  Eric Hambro and
                  Faisal Azhar and
                  Aur{\'{e}}lien Rodriguez and
                  Armand Joulin and
                  Edouard Grave and
                  Guillaume Lample},
  title        = {{LLaMA: Open and Efficient Foundation Language Models}},
  journal      = {CoRR},
  volume       = {abs/2302.13971},
  year         = {2023},
  url          = {https://doi.org/10.48550/arXiv.2302.13971},
  doi          = {10.48550/ARXIV.2302.13971},
  eprinttype    = {arXiv},
  eprint       = {2302.13971},
  timestamp    = {Mon, 28 Aug 2023 21:26:20 +0200},
  biburl       = {https://dblp.org/rec/journals/corr/abs-2302-13971.bib},
  bibsource    = {dblp computer science bibliography, https://dblp.org}
}

@misc{Summary,
  author = {Khawar Ali},
  title = {{Summary Dataset}},
  year = {2024},
  url = {https://huggingface.co/datasets/khwrali011/summary-dataset},
}

@misc{Chatbot,
  author = {Alessandro Palla},
  title = {{Chatbot Instruction Prompts}},
  year = {2023},
  url = {https://huggingface.co/datasets/alespalla/chatbot_instruction_prompts},
}

@misc{Alpaca,
  author = {Gaurang Bharti},
  title = {{Finance Alpaca}},
  year = {2023},
  url = {https://huggingface.co/datasets/gbharti/finance-alpaca},
}

@inproceedings{Output-Length-Prediction,
  author       = {Zangwei Zheng and
                  Xiaozhe Ren and
                  Fuzhao Xue and
                  Yang Luo and
                  Xin Jiang and
                  Yang You},
  editor       = {Alice Oh and
                  Tristan Naumann and
                  Amir Globerson and
                  Kate Saenko and
                  Moritz Hardt and
                  Sergey Levine},
  title        = {{Response Length Perception and Sequence Scheduling: An LLM-Empowered
                  LLM Inference Pipeline}},
  booktitle    = {Advances in Neural Information Processing Systems 36: Annual Conference
                  on Neural Information Processing Systems 2023, NeurIPS 2023, New Orleans,
                  LA, USA, December 10 - 16, 2023},
  year         = {2023},
  url          = {http://papers.nips.cc/paper\_files/paper/2023/hash/ce7ff3405c782f761fac7f849b41ae9a-Abstract-Conference.html},
  timestamp    = {Mon, 08 Jul 2024 13:40:14 +0200},
  biburl       = {https://dblp.org/rec/conf/nips/ZhengRXL0Y23.bib},
  bibsource    = {dblp computer science bibliography, https://dblp.org}
}

@misc{Huggingface-Accelerate,
  author = {Huggingface},
  title = {{Huggingface Accelerate}},
  year = {2022},
  url = {https://huggingface.co/docs/accelerate/index},
}

@inproceedings{DistillSpec,
  author       = {Yongchao Zhou and
                  Kaifeng Lyu and
                  Ankit Singh Rawat and
                  Aditya Krishna Menon and
                  Afshin Rostamizadeh and
                  Sanjiv Kumar and
                  Jean{-}Fran{\c{c}}ois Kagy and
                  Rishabh Agarwal},
  title        = {DistillSpec: Improving Speculative Decoding via Knowledge Distillation},
  booktitle    = {The Twelfth International Conference on Learning Representations,
                  {ICLR} 2024, Vienna, Austria, May 7-11, 2024},
  publisher    = {OpenReview.net},
  year         = {2024},
  url          = {https://openreview.net/forum?id=rsY6J3ZaTF},
  timestamp    = {Wed, 07 Aug 2024 17:11:53 +0200},
  biburl       = {https://dblp.org/rec/conf/iclr/ZhouLRMRKKA24.bib},
  bibsource    = {dblp computer science bibliography, https://dblp.org}
}

@article{SARATHI,
  author       = {Amey Agrawal and
                  Ashish Panwar and
                  Jayashree Mohan and
                  Nipun Kwatra and
                  Bhargav S. Gulavani and
                  Ramachandran Ramjee},
  title        = {{SARATHI: Efficient LLM Inference by Piggybacking Decodes with
                  Chunked Prefills}},
  journal      = {CoRR},
  volume       = {abs/2308.16369},
  year         = {2023},
  url          = {https://doi.org/10.48550/arXiv.2308.16369},
  doi          = {10.48550/ARXIV.2308.16369},
  eprinttype    = {arXiv},
  eprint       = {2308.16369},
  timestamp    = {Tue, 07 May 2024 20:16:21 +0200},
  biburl       = {https://dblp.org/rec/journals/corr/abs-2308-16369.bib},
  bibsource    = {dblp computer science bibliography, https://dblp.org}
}

@misc{LightLLM,
  author = {Github},
  title = {lightllm},
  year = {2024},
  url = {https://github.com/ModelTC/lightllm},
}

@inproceedings{Cilantro,
  author       = {Romil Bhardwaj and
                  Kirthevasan Kandasamy and
                  Asim Biswal and
                  Wenshuo Guo and
                  Benjamin Hindman and
                  Joseph Gonzalez and
                  Michael I. Jordan and
                  Ion Stoica},
  editor       = {Roxana Geambasu and
                  Ed Nightingale},
  title        = {{Cilantro: Performance-Aware Resource Allocation for General Objectives
                  via Online Feedback}},
  booktitle    = {17th {USENIX} Symposium on Operating Systems Design and Implementation,
                  {OSDI} 2023, Boston, MA, USA, July 10-12, 2023},
  pages        = {623--643},
  publisher    = {{USENIX} Association},
  year         = {2023},
  url          = {https://www.usenix.org/conference/osdi23/presentation/bhardwaj},
  timestamp    = {Sat, 15 Jul 2023 00:21:53 +0200},
  biburl       = {https://dblp.org/rec/conf/osdi/BhardwajKBGH0JS23.bib},
  bibsource    = {dblp computer science bibliography, https://dblp.org}
}

@misc{FasterTransformer,
  author = {NVIDIA},
  title = {{FasterTransformer}},
  year = {2020},
  url = {https://github.com/NVIDIA/FasterTransformer},
}

@inproceedings{Capuchin,
  author       = {Xuan Peng and
                  Xuanhua Shi and
                  Hulin Dai and
                  Hai Jin and
                  Weiliang Ma and
                  Qian Xiong and
                  Fan Yang and
                  Xuehai Qian},
  editor       = {James R. Larus and
                  Luis Ceze and
                  Karin Strauss},
  title        = {{Capuchin: Tensor-based GPU Memory Management for Deep Learning}},
  booktitle    = {{ASPLOS} '20: Architectural Support for Programming Languages and
                  Operating Systems, Lausanne, Switzerland, March 16-20, 2020},
  pages        = {891--905},
  publisher    = {{ACM}},
  year         = {2020},
  url          = {https://doi.org/10.1145/3373376.3378505},
  doi          = {10.1145/3373376.3378505},
  timestamp    = {Sun, 04 Aug 2024 19:42:49 +0200},
  biburl       = {https://dblp.org/rec/conf/asplos/PengSD0MXYQ20.bib},
  bibsource    = {dblp computer science bibliography, https://dblp.org}
}